@inproceedings{tang2015influence,
  title={Influence maximization in near-linear time: A martingale approach},
  author={Tang, Youze and Shi, Yanchen and Xiao, Xiaokui},
  booktitle={Proceedings of the 2015 ACM SIGMOD International Conference on Management of Data},
  pages={1539--1554},
  year={2015},
  organization={ACM}
}
@article{bond201261,
  title={A 61-million-person experiment in social influence and political mobilization},
  author={Bond, Robert M and Fariss, Christopher J and Jones, Jason J and Kramer, Adam DI and Marlow, Cameron and Settle, Jaime E and Fowler, James H},
  journal={Nature},
  volume={489},
  number={7415},
  pages={295},
  year={2012},
  publisher={Nature Publishing Group}
}
@inproceedings{richardson2002mining,
  title={Mining knowledge-sharing sites for viral marketing},
  author={Richardson, Matthew and Domingos, Pedro},
  booktitle={Proceedings of the eighth ACM SIGKDD international conference on Knowledge discovery and data mining},
  pages={61--70},
  year={2002},
  organization={ACM}
}
@article{van2007new,
  title={New product diffusion with influentials and imitators},
  author={Van den Bulte, Christophe and Joshi, Yogesh V},
  journal={Marketing Science},
  volume={26},
  number={3},
  pages={400--421},
  year={2007},
  publisher={INFORMS}
}

@inproceedings{sun2014analyzing,
  title={Analyzing expert behaviors in collaborative networks},
  author={Sun, Huan and Srivatsa, Mudhakar and Tan, Shulong and Li, Yang and Kaplan, Lance M and Tao, Shu and Yan, Xifeng},
  booktitle={Proceedings of the 20th ACM SIGKDD international conference on Knowledge discovery and data mining},
  pages={1486--1495},
  year={2014},
  organization={ACM}
}
@inproceedings{miao2010generative,
  title={Generative models for ticket resolution in expert networks},
  author={Miao, Gengxin and Moser, Louise E and Yan, Xifeng and Tao, Shu and Chen, Yi and Anerousis, Nikos},
  booktitle={Proceedings of the 16th ACM SIGKDD international conference on Knowledge discovery and data mining},
  pages={733--742},
  year={2010},
  organization={ACM}
}
@inproceedings{riahi2012finding,
  title={Finding expert users in community question answering},
  author={Riahi, Fatemeh and Zolaktaf, Zainab and Shafiei, Mahdi and Milios, Evangelos},
  booktitle={Proceedings of the 21st International Conference on World Wide Web},
  pages={791--798},
  year={2012},
  organization={ACM}
}
@book{ abelson-et-al:scheme,
  author = "Harold Abelson and Gerald~Jay Sussman and Julie Sussman",
  title = "Structure and Interpretation of Computer Programs",
  publisher = "MIT Press",
  address = "Cambridge, Massachusetts",
  year = "1985"
}

@inproceedings{ bgf:Lixto,
  author = "Robert Baumgartner and Georg Gottlob and Sergio Flesca",
  title = "Visual Information Extraction with {Lixto}",
  booktitle = "Proceedings of the 27th International Conference on Very Large Databases",
  pages = "119--128",
  publisher = "Morgan Kaufmann",
  address = "Rome, Italy",
  month = "September",
  year = "2001"
}

@article{ brachman-schmolze:kl-one,
  author = "Ronald~J. Brachman and James~G. Schmolze",
  title = "An overview of the {KL-ONE} knowledge representation system",
  journal = "Cognitive Science",
  volume = "9",
  number = "2",
  pages = "171--216",
  month = "April--June",
  year = "1985"
}

@article{ gottlob:nonmon,
  author = "Georg Gottlob",
  title = "Complexity results for nonmonotonic logics",
  journal = "Journal of Logic and Computation",
  volume = "2",
  number = "3",
  pages = "397--425",
  month = "June",
  year = "1992"
}

@article{ gls:hypertrees,
  author = "Georg Gottlob and Nicola Leone and Francesco Scarcello",
  title = "Hypertree Decompositions and Tractable Queries",
  journal = "Journal of Computer and System Sciences",
  volume = "64",
  number = "3",
  pages = "579--627",
  month = "May",
  year = "2002"
}

@article{ levesque:functional-foundations,
  author = "Hector~J. Levesque",
  title = "Foundations of a functional approach to knowledge representation",
  journal = "Artificial Intelligence",
  volume = "23",
  number = "2",
  pages = "155--212",
  month = "July",
  year = "1984"
}

@inproceedings{ levesque:belief,
  author = "Hector~J. Levesque",
  title = "A logic of implicit and explicit belief",
  booktitle = "Proceedings of the Fourth National Conference on Artificial Intelligence",
  publisher = "American Association for Artificial Intelligence",
  pages = "198--202",
  address = "Austin, Texas",
  month = "August",
  year = "1984"
}

@article{ nebel:jair-2000,
  author = "Bernhard Nebel",
  title = "On the compilability and expressive power of propositional planning formalisms",
  journal = "Journal of Artificial Intelligence Research",
  volume = "12",
  pages = "271--315",
  year = "2000"
}

 @misc{proceedings,
  author = {{IJCAI Proceedings}},
  title = {{IJCAI} Camera Ready Submission},
  howpublished = {\url{https://proceedings.ijcai.org/info}},
}